%% LaTeX2e file `main.bib'
%% generated by the `filecontents' environment
%% from source `main' on 2017/05/02.
%%
@Article{cox2002exponential,
  Title                    = {Exponential Time Differencing for Stiff Systems},
  Author                   = {S.M. Cox and P.C. Matthews},
  Journal                  = {Journal of Computational Physics},
  Year                     = {2002},
  Number                   = {2},
  Pages                    = {430 - 455},
  Volume                   = {176},
  Doi                      = {http://dx.doi.org/10.1006/jcph.2002.6995},
  File                     = {cox2002exponential.pdf:misc/cox2002exponential.pdf:PDF},
  ISSN                     = {0021-9991},
  Url                      = {http://www.sciencedirect.com/science/article/pii/S0021999102969950}
}

@Article{ruyer-quil2014dynamics,
  Title                    = {Dynamics of falling liquid films},
  Author                   = {Ruyer-Quil, Christian
and Kofman, Nicolas
and Chasseur, Didier
and Mergui, Sophie},
  Journal                  = {The European Physical Journal E},
  Year                     = {2014},
  Number                   = {4},
  Pages                    = {30},
  Volume                   = {37},
  Doi                      = {10.1140/epje/i2014-14030-5},
  File                     = {ruyer-quil2014dynamics.pdf:complex systems/ruyer-quil2014dynamics.pdf:PDF},
  ISSN                     = {1292-895X},
  Keywords                 = {chaos, fluid dynamics, kuramoto-sivachinsky},
  Url                      = {http://dx.doi.org/10.1140/epje/i2014-14030-5}
}

